2023-12-24 20:26:32.673,INQ13UGGYMGN,91282CJL6,SELL,10000000,100-286,DONE,
2023-12-24 20:26:32.674,INQQSUAGVSF0,91282CJL6,BUY,20000000,99-29+,DONE,
2023-12-24 20:26:32.674,INQ4V39UTF8W,91282CJL6,SELL,30000000,100-262,DONE,
2023-12-24 20:26:32.674,INQO9STDHF0C,91282CJL6,BUY,40000000,100-203,DONE,
2023-12-24 20:26:32.674,INQ3B974IC34,91282CJL6,SELL,50000000,100-310,DONE,
2023-12-24 20:26:32.674,INQ39X82FM0P,91282CJL6,BUY,10000000,100-025,DONE,
2023-12-24 20:26:32.674,INQW2FN3ZBPI,91282CJL6,SELL,20000000,100-071,DONE,
2023-12-24 20:26:32.674,INQD33PRZ2XV,91282CJL6,BUY,30000000,99-225,DONE,
2023-12-24 20:26:32.674,INQJ20IJVUED,91282CJL6,SELL,40000000,100-052,DONE,
2023-12-24 20:26:32.674,INQJV6OFDEXH,91282CJL6,BUY,50000000,99-117,DONE,
2023-12-24 20:26:32.675,INQM0767HFDI,91282CHY0,SELL,10000000,99-203,DONE,
2023-12-24 20:26:32.675,INQD0W96YH8B,91282CHY0,BUY,20000000,99-205,DONE,
2023-12-24 20:26:32.675,INQAH9B8CM43,91282CHY0,SELL,30000000,100-08+,DONE,
2023-12-24 20:26:32.675,INQLRE6T9I77,91282CHY0,BUY,40000000,100-120,DONE,
2023-12-24 20:26:32.675,INQTF1KGPHIH,91282CHY0,SELL,50000000,99-315,DONE,
2023-12-24 20:26:32.675,INQYVZ6ZU8S5,91282CHY0,BUY,10000000,99-013,DONE,
2023-12-24 20:26:32.675,INQBWIC3FYCK,91282CHY0,SELL,20000000,100-023,DONE,
2023-12-24 20:26:32.675,INQ9BP2FWG3H,91282CHY0,BUY,30000000,99-107,DONE,
2023-12-24 20:26:32.675,INQRUZEK78HZ,91282CHY0,SELL,40000000,100-12+,DONE,
2023-12-24 20:26:32.676,INQFG8MKRH7S,91282CHY0,BUY,50000000,100-271,DONE,
2023-12-24 20:26:32.676,INQK24L5UV67,91282CHX2,SELL,10000000,100-042,DONE,
2023-12-24 20:26:32.676,INQ8EUG5BIR4,91282CHX2,BUY,20000000,100-09+,DONE,
2023-12-24 20:26:32.676,INQ2V568P0RP,91282CHX2,SELL,30000000,100-150,DONE,
2023-12-24 20:26:32.676,INQZKMSFZB66,91282CHX2,BUY,40000000,99-152,DONE,
2023-12-24 20:26:32.676,INQ5C7MMBVSC,91282CHX2,SELL,50000000,99-25+,DONE,
2023-12-24 20:26:32.676,INQ7CST79L8E,91282CHX2,BUY,10000000,99-260,DONE,
2023-12-24 20:26:32.676,INQY2AAJEC3H,91282CHX2,SELL,20000000,100-225,DONE,
2023-12-24 20:26:32.676,INQZDPW6XX3S,91282CHX2,BUY,30000000,99-05+,DONE,
2023-12-24 20:26:32.677,INQLJOE171XV,91282CHX2,SELL,40000000,99-262,DONE,
2023-12-24 20:26:32.677,INQBHHVMMH24,91282CHX2,BUY,50000000,99-10+,DONE,
2023-12-24 20:26:32.677,INQVXIMJCBL0,91282CJM4,SELL,10000000,100-155,DONE,
2023-12-24 20:26:32.677,INQEJD5FUF1K,91282CJM4,BUY,20000000,99-243,DONE,
2023-12-24 20:26:32.677,INQYPV54ENP4,91282CJM4,SELL,30000000,99-040,DONE,
2023-12-24 20:26:32.677,INQ37ER6TWHQ,91282CJM4,BUY,40000000,100-316,DONE,
2023-12-24 20:26:32.677,INQ1DUSGRBVA,91282CJM4,SELL,50000000,100-170,DONE,
2023-12-24 20:26:32.677,INQ5Z2EY4JPQ,91282CJM4,BUY,10000000,99-146,DONE,
2023-12-24 20:26:32.677,INQLXF2H5S6E,91282CJM4,SELL,20000000,99-083,DONE,
2023-12-24 20:26:32.678,INQS1HAI1563,91282CJM4,BUY,30000000,100-23+,DONE,
2023-12-24 20:26:32.678,INQZY01HC2AC,91282CJM4,SELL,40000000,99-140,DONE,
2023-12-24 20:26:32.678,INQHL36LJ3MS,91282CJM4,BUY,50000000,100-07+,DONE,
2023-12-24 20:26:32.678,INQSM8TE6KUH,91282CJJ1,SELL,10000000,99-043,DONE,
2023-12-24 20:26:32.678,INQEC9OTMU55,91282CJJ1,BUY,20000000,100-010,DONE,
2023-12-24 20:26:32.678,INQH6XD9L3IY,91282CJJ1,SELL,30000000,99-197,DONE,
2023-12-24 20:26:32.678,INQWMBA2Y1J4,91282CJJ1,BUY,40000000,99-021,DONE,
2023-12-24 20:26:32.678,INQN5EGFF737,91282CJJ1,SELL,50000000,100-175,DONE,
2023-12-24 20:26:32.678,INQL8WS9SHBY,91282CJJ1,BUY,10000000,100-067,DONE,
2023-12-24 20:26:32.679,INQ6O0EBK2HG,91282CJJ1,SELL,20000000,100-215,DONE,
2023-12-24 20:26:32.679,INQK1H3YSTJV,91282CJJ1,BUY,30000000,100-066,DONE,
2023-12-24 20:26:32.679,INQEIT3WNCJF,91282CJJ1,SELL,40000000,99-29+,DONE,
2023-12-24 20:26:32.679,INQQRM5D7Z0B,91282CJJ1,BUY,50000000,100-267,DONE,
2023-12-24 20:26:32.679,INQTFSYGHF1O,912810TM0,SELL,10000000,99-07+,DONE,
2023-12-24 20:26:32.679,INQ69XHRB9P9,912810TM0,BUY,20000000,99-160,DONE,
2023-12-24 20:26:32.679,INQUQA7XTTLN,912810TM0,SELL,30000000,100-075,DONE,
2023-12-24 20:26:32.679,INQUXVN3N5XU,912810TM0,BUY,40000000,99-223,DONE,
2023-12-24 20:26:32.679,INQNZ30D5D5Z,912810TM0,SELL,50000000,99-065,DONE,
2023-12-24 20:26:32.680,INQ3V7UXUE2H,912810TM0,BUY,10000000,100-126,DONE,
2023-12-24 20:26:32.680,INQQ9WVYJ0JZ,912810TM0,SELL,20000000,99-241,DONE,
2023-12-24 20:26:32.680,INQ1R9M5M9FI,912810TM0,BUY,30000000,99-266,DONE,
2023-12-24 20:26:32.680,INQN3333G0V4,912810TM0,SELL,40000000,99-185,DONE,
2023-12-24 20:26:32.680,INQ113VZC6L4,912810TM0,BUY,50000000,99-300,DONE,
2023-12-24 20:26:32.680,INQ3Q0HUGCEC,912810TL2,SELL,10000000,99-28+,DONE,
2023-12-24 20:26:32.680,INQO9T5HECWM,912810TL2,BUY,20000000,99-227,DONE,
2023-12-24 20:26:32.680,INQ7S07WXS64,912810TL2,SELL,30000000,99-003,DONE,
2023-12-24 20:26:32.681,INQYRRIQ5E3Q,912810TL2,BUY,40000000,100-126,DONE,
2023-12-24 20:26:32.681,INQMBUAZ3OFX,912810TL2,SELL,50000000,100-263,DONE,
2023-12-24 20:26:32.681,INQ8IL87Z3VK,912810TL2,BUY,10000000,100-220,DONE,
2023-12-24 20:26:32.681,INQJQF0HJKYO,912810TL2,SELL,20000000,99-092,DONE,
2023-12-24 20:26:32.681,INQID3JNYQHU,912810TL2,BUY,30000000,99-011,DONE,
2023-12-24 20:26:32.681,INQI8TGTZW16,912810TL2,SELL,40000000,99-302,DONE,
2023-12-24 20:26:32.681,INQJN8ZBB6HE,912810TL2,BUY,50000000,100-290,DONE,
